
@inproceedings{raman_reactive_2015,
	address = {Seattle, Washington},
	title = {Reactive synthesis from signal temporal logic specifications},
	isbn = {978-1-4503-3433-4},
	url = {http://dl.acm.org/citation.cfm?doid=2728606.2728628},
	author = {Raman, Vasumathi and Donzé, Alexandre and Sadigh, Dorsa and Murray, Richard M. and Seshia, Sanjit A.},
	year = {2015},
}

@article{chen_signal_nodate,
	title = {Signal {Temporal} {Logic} meets {Hamilton}-{Jacobi} {Reachability}: {Connections} and {Applications}},
	author = {Chen, Mo and Tam, Qizhan and Livingston, Scott C and Pavone, Marco},
	year={2018}
}

@incollection{hutchison_robust_2010,
	address = {Berlin, Heidelberg},
	title = {Robust {Satisfaction} of {Temporal} {Logic} over {Real}-{Valued} {Signals}},
	publisher = {Springer Berlin Heidelberg},
	author = {Donzé, Alexandre and Maler, Oded},
	year = {2010},
	doi = {10.1007/978-3-642-15297-9_9},
}


@inproceedings{phillips_hybrid_2017,
	title = {Hybrid attack monitor design to detect recurrent attacks in a class of cyber-physical systems},
	doi = {10.1109/CDC.2017.8263845},
	author = {Phillips, Sean and Duz, Alessandra and Pasqualetti, Fabio and Sanfelice, Ricardo G.},
	year = {2017},
}